@article{AgileSoftwareInnovation,
  author = "Jim Highsmith and Alistair Cockburn",
  title = "Agile Software Development: The Business of Innovation",
  jornal = "Computer",
  publisher = "IEEE",
  volume = 34,
  number = 9,
  year = "2001"
}

@article{CapacidadeDeInovacao,
  author = "Andréia Cristina Dullius and Paola Rücker Schaeffer",
  title = "As capacidades de inovação em Startups: contribuições
  para uma trajetória de crescimento",
  journal = "Revista Alcance",
  address = "Santa Catarina",
  volume = 23,
  number = 1,
  year = "2016"
}

@article{Cattell,
  author = "Rick Cattell",
  title = "Scalable SQL and NoSQL Data Stores",
  journal = "ACM SIGMOD Record",
  address = "New York",
  volume = 39,
  number = 4,
  year = "2010"
}

@article{Dess&Beard,
  author = "Gregory G. Dess and Donald W. Beard",
  title = "Dimensions of Organizational Task Environments",
  journal = "Administrative Science Quarterly",
  address = "Nova Iorque",
  year = "1984"
}

@article{Gajendran,
  author = "Santhosh Kumar Gajendran",
  title = {{A survey on NoSQL Databases}},
  howpublished = "Semantic Scholar",
  year = "2012"
}

@article{GardelinRausp,
  author = "João Paulo Gardelin and Carlos Ricardo Rossetto and
    Miguel Angel Verdinelli",
  title = "O relacionamento entre a incerteza ambiental e o comportamento
    estratégico na percepção dos gestores de pequenas empresas",
  journal = "Rausp - Revista de Administração",
  address = "São Paulo",
  volume = 48,
  number = 4,
  year = "2013"
}

@article{NewEraOfDatabases,
  author = "A. B. M. Moniruzzaman and Syed Akhter Hossain",
  title = "NoSQL Database: New Era of Databases for Big data Analytics -
    Classification, Characteristics and Comparison",
  journal = "International Journal of Database Theory and Application",
  address = "Bangladesh",
  volume = 6,
  number = 4,
  year = "2013"
}

@article{Rueda,
  author = "Antonio Rueda-Manazares and J. Alberto Aragón-Correa and Sanjay Sharma",
  title = "The influence of stakeholders on the environmental strategy os service
    firms: the moderating effects of complexity, uncertainty and munificence",
  journal = "British Journal of Management",
  address = "Nova Iorque",
  volume = 19,
  number = 2,
  year = "2008"
}

@book{ARevolucaoDasStartups,
  author = "Bruno Perin",
  title = "A Revolução das Startups: o novo mundo de empreendedorismo 
    de alto impacto",
  publisher = "Alta Books",
  address = "Rio de Janeiro",
  year = "2016",
}

@book{EngineeringSystems,
  author = "Olivier L. De Weck and Daniel Roos and Christopher L. Magee",
  title = {Engineering Systems: {Meeting Human Needs in a Complex Technological World}},
  publisher = "MIT Press",
  address = "Massachusetts, USA",
  year = "2011",
}

@book{PlatformEcosystems,
  author = "Amrit Tiwana",
  title = {Platform Ecosystems: {Aligning Architecture, Governance, and Strategy}},
  publisher = "Elsevier",
  address = "Massachusetts, USA",
  year = "2014",
}

@book{StartupEnxuta,
  author = "Eric Ries",
  title = "The Lean Startup",
  publisher = "Currency",
  address = "Nova Iorque",
  year = "2011",
}

@conference{Akiyoshi,
  author = "Fabiano Akiyoshi Nagamatsu and Janaina Barbosa and Adriana Rebecchi",
  title = "Business Model Generation e as contribuições na abertura de Startups",
  publisher = "II Simpósio Internacional de Gestão de Projetos, Inovação e
  Sustentabilidade",
  address = "São Paulo",
  year = "2013"
}

@conference{SurveyNosql,
  author = "Jing Han and E. Haihong and Guan Le and Jian Du",
  title = "Survey on NoSQL database",
  booktitle = "2011 6th International Conference on Pervasive Computing and Applications",
  publisher = "IEEE",
  address = "Port Elizabeth, South Africa",
  year = "2011"
}

@ONLINE{CassioSpina,
  author = "Cassio Spina",
  publisher = {{Revista Exame}},
  title = {O que é uma ideia escalável?},
  url = {https://exame.abril.com.br/pme/o-que-e-uma-ideia-escalavel/},
  year = {2012},
  month = {May},
  urlaccessdate = {29.06.2019}
}

@ONLINE{ConceptaScalability,
  author = "Conceptanext",
  publisher = {Concepta},
  title = {The Importance of Scalability In Software Design},
  url = {https://conceptainc.com/blog/importance-of-scalability-in-software-design/},
  year = {2017},
  month = {Dec},
  urlaccessdate = {14.07.2019}
}

@ONLINE{doc:dynamodbModeling,
  title = {Amazon DynamoDB Developer Guide: First Steps for Modeling Relational Data in DynamoDB},
  organization = {Amazon Web Services},
  year = "2012",
  month = "Aug",
  url = {https://docs.aws.amazon.com/amazondynamodb/latest/developerguide/bp-modeling-nosql.html},
  urlaccessdate = {07.07.2019}
}

@ONLINE{JakeLumetta,
  author = {Jake Lumetta},
  publisher = {ButterCMS},
  title = {Microservices for Startups: Should you always start with a monolith?},
  url = {https://buttercms.com/books/microservices-for-startups/should-you-always-start-with-a-monolith},
  year = "2018",
  urlaccessdate = {07.07.2019}
}

@ONLINE{Kavya,
  author = {Kavya},
  publisher = {{ServerGuy}},
  title = {DigitalOcean vs AWS EC2: 8 Factors to Decide Who's the Winner?},
  url = {https://serverguy.com/comparison/digitalocean-vs-aws-ec2/},
  year = "2019",
  month = "Mar",
  urlaccessdate = {07.07.2019}
}

@ONLINE{LouisaXu,
  author = {Louisa Xu},
  publisher = {{Forbes}},
  title = {Modernizing Real Estate: The Property Tech Opportunity},
  url = {https://www.forbes.com/sites/valleyvoices/2019/02/22/the-proptech-opportunity},
  year = "2019",
  month = "Feb",
  urlaccessdate = {06.07.2019}
}

@ONLINE{MatthiasMullie,
  author = "Matthias Mullie",
  title = {How to make your code scale},
  url = {https://www.mullie.eu/why-your-code-doesnt-scale/},
  year = {2014},
  month = {Nov},
  urlaccessdate = {14.07.2019}
}

@ONLINE{NepomucenoSucessoDoWaze,
  author = "Carlos Nepomuceno",
  publisher = {{Administradores.com}},
  title = {Afinal, quais são os segredos de sucesso do Waze?},
  url = {https://administradores.com.br/noticias/afinal-quais-sao-os-segredos-de-sucesso-do-waze},
  year = "2013",
  month = "Jun",
  urlaccessdate = {29.06.2019}
}

@ONLINE{SteveBlankFirstPrinciples,
  author = "Steve Blank",
  publisher = {{Steve Blank}},
  title = {What’s a Startup? First Principles.},
  url = {https://steveblank.com/2010/01/25/whats-a-startup-first-principles},
  year = "2010",
  month = "Jun",
  urlaccessdate = {29.06.2019}
}

@manual{NBR6034:2000,
	Address = {Rio de Janeiro},
	Org-Short = {ABNT},
	Organization = {Associa{\c c}\~ao Brasileira de Normas T\'ecnicas},
	Subtitle = {Informa{\c c}\~ao e documenta{\c c}\~ao --- Referências},
	Title = {{NBR} 14724},
	Year = 2000
}

@book{Sommerville2007,
author = {Sommerville, Ian},
title = {Software Engineering},
year = {2007},
isbn = {978-0-321-31379-9, 0-321-31379-8},
edition = {9th},
publisher = {Addison-Wesley Publishing Company},
address = {USA},
}
